@book{Label,
author = {Cognome, N.},
title = {Titolo},
publisher = {Publisher},
year = {Anno},
},

@misc{LabelUrl,
title={Titolo},
author={Cognome, N.},
howpublished = {\url{https://poisson.phc.dm.unipi.it/~puddu}},
},